@article{PERKOVIC2020121181,
title = {Smart Parking Sensors: State of the Art and Performance Evaluation},
journal = {Journal of Cleaner Production},
volume = {262},
pages = {121181},
year = {2020},
issn = {0959-6526},
doi = {https://doi.org/10.1016/j.jclepro.2020.121181},
url = {https://www.sciencedirect.com/science/article/pii/S0959652620312282},
author = {T. Perković and P. Šolić and H. Zargariasl and D. Čoko and Joel J.P.C. Rodrigues},
}

@article{prasanth12design,
  title={Design and Implementation of Smart Parking System Based on Raspberry Pi Advanced Microcontroller System},
  author={Prasanth, M and Roshini, KS and Pujitha, T and Thanusha, C Sai and Mahesh, C Sai and Rao, M Purushotham and Rajesh, P},
  journal={Journal of Interdisciplinary Cycle Research},
  volume={12},
  pages={960--965}
}

@article{atiqursmart,
  title={Smart Car Parking System Model for Urban Areas},
  author={Atiqur, Rahman and Li, Yun}
}

@article{koushika2021efficient,
  title={An Efficient Car Parking Slot Identification System Using Image Processing},
  author={Koushika, B and PraveenKumar, G and Priyadharshini, ST and Balamurugan, A},
  journal={Annals of the Romanian Society for Cell Biology},
  pages={3400--3414},
  year={2021}
}

@article{divyanshushekhar2021parkofy,
  title={Parkofy: Motivation Online Parking Sharing Mechanism with Security Protection},
  author={DivyanshuShekhar, PiyushRanjanBhuyan and Suresh, A},
  journal={Annals of the Romanian Society for Cell Biology},
  volume={25},
  number={6},
  pages={7547--7553},
  year={2021}
}

@article{jyothireal,
  title={A Real Time IoT Interfaced Application for Autonomous Vehicle Parking},
  author={Jyothi, NR Siva and Mishra, Tusar Kanti and Sree, N Lalitha and Indira, R and Aishwarya, S Jeevitha}
}

@article{atiqur2020automated,
  title={Automated smart car parking system using raspberry Pi 4 and iOS application},
  author={Atiqur, Rahman and Li, Yun},
  journal={Int J Reconfigurable \& Embedded Syst},
  volume={9},
  number={3},
  pages={229--234},
  year={2020}
}

@inproceedings{azshwanth2019automated,
  title={Automated car parking system},
  author={Azshwanth, D and Koshy, Mithul Titten and Balachander, Mr T},
  booktitle={Journal of Physics: Conference Series},
  volume={1362},
  number={1},
  pages={012059},
  year={2019},
  organization={IOP Publishing}
}

@inproceedings{bonde2014automated,
  title={Automated car parking system commanded by Android application},
  author={Bonde, DJ and Shende, Rohit Sunil and Kedari, Akshay Sambhaji and Gaikwad, Ketan Suresh and Bhokre, Amol Uday},
  booktitle={2014 International Conference on Computer Communication and Informatics},
  pages={1--4},
  year={2014},
  organization={IEEE}
}

@article{natarajan2018design,
  title={Design and implementation of smart car parking system using lab view},
  author={Natarajan, PB and Ghosh, Samit Kumar},
  journal={International Journal of Pure and Applied Mathematics},
  volume={120},
  number={6},
  pages={329--338},
  year={2018}
}


@inproceedings{doi,
author = {Kanaga Suba Raja S,Usha Kiruthika},
title = {Smart Mall Parking Management System Using Image Processing},
journal = {European Journal of Molecular &amp Clinical Medicine},
volume = {7},
number = {4},
pages = {3004--3010},
year  = {2020},
issn = {2515--8260},
}

@inproceedings{el2016towards,
  title={Towards the development of smart parking system using mobile and web technologies},
  author={El-Seoud, Samir A and El-Sofany, Hosam and Taj-Eddine, Islam},
  booktitle={2016 International Conference on Interactive Mobile Communication, Technologies and Learning (IMCL)},
  pages={10--16},
  year={2016},
  organization={IEEE}
}

@inproceedings{fernando2020innovation,
  title={Innovation Architecture Smart Car Parking System with Wireless Sensor Networks},
  author={Fernando, Erick and Warnars, Harco Leslie Hendric Spits},
  booktitle={2020 7th International Conference on Information Technology, Computer, and Electrical Engineering (ICITACEE)},
  pages={258--262},
  year={2020},
  organization={IEEE}
}

@inproceedings{international2018managment,
  title={An IoT-based smart parking management system},
  author={J. Cynthia, C. Bharathi Priya, P. A. Gopinath },
  booktitle={International Journal of Recent Technology and Engineering (IJRTE)},
  volume={7},
  pages={2277--3878},
  year={2018},
  organization={IEEE}
}

@article{lou2020iot,
  title={An IoT-Driven Vehicle Detection Method Based on Multisource Data Fusion Technology for Smart Parking Management System},
  author={Lou, Liangliang and Li, Qiang and Zhang, Zengchao and Yang, Rong and He, Wei},
  journal={IEEE Internet of Things Journal},
  volume={7},
  number={11},
  pages={11020--11029},
  year={2020},
  publisher={IEEE}
}

@inproceedings{khanna2016iot,
  title={IoT based smart parking system},
  author={Khanna, Abhirup and Anand, Rishi},
  booktitle={2016 International Conference on Internet of Things and Applications (IOTA)},
  pages={266--270},
  year={2016},
  organization={IEEE}
}

@article{shimi2020intelligent,
  title={An Intelligent Parking Management System using RFID Technology based on User Preferences},
  author={Shimi, Amir and Dishabi, Mohammad Reza Ebrahimi and Azgomi, Mohammad Abdollahi},
  year={2020},
  publisher={Preprints}
}

@article{juwita2020smart,
  title={Smart parking management system using SSGA MQTT and real-time database},
  author={Juwita, Putri Sandika and Fadhil, Radya and Damayanti, Tri Nopiani and Ramadan, Dadan Nur},
  journal={Telkomnika},
  volume={18},
  number={3},
  pages={1243--1251},
  year={2020},
  publisher={Ahmad Dahlan University}
}
